@book{Bullo,
  title={Lectures on Network Systems},
  author={Francesco Bullo},
  isbn={ 978-1-986425-64-3},
  note={\url{http://motion.me.ucsb.edu/book-lns}},
  year={2020},
  publisher={Kindle Direct Publishing}
}
@book{Testa,
  title={Generalized Assignment for Multi-Robot Systems via Distributed Branch-And-Price},
  author={Andrea Testa, Giuseppe Notarstefano},

  note={\url{https://www.researchgate.net/publication/340938924_Generalized_Assignment_for_Multi-Robot_Systems_via_Distributed_Branch-And-Price}},
  year={2020},
}
@book{Nostro,
  title={Distributed Optimization forSmart Cyber-Physical Networks},
  author={Notarstefano Giuseppe,Notarnicola Ivano,Andrea Testa},
  note={\url{https://arxiv.org/pdf/1906.10760.pdf}},
  year={2019},
}
@online{Omni,
    title = {PROJECT 3} ,
    author = {Gianmarco Canello,Francesco Cerri, Marco Roncato},
    note  = {\url{https://github.com/gnoccoalpesto/dcs22}},
    year = {2021},
}


